@book{1,
  title    ={Atomic Physics},
  author   ={C.J. Foot},
  year     ={2005},
  publisher={Oxford University Press}
},
@book{2,
  title    ={新概念物理教程·量子物理},
  author   ={赵凯华，罗蔚茵},
  year     ={2007},
  publisher={高等教育出版社}
},
@book{3,
  title    ={量子力学},
  author   ={刘玉鑫，曹庆宏编著},
  year     ={2023},
  publisher={科学出版社}
}